@article{naturalness,
  author    = {Abram Hindle and
               Earl T. Barr and
               Mark Gabel and
               Zhendong Su and
               Premkumar T. Devanbu},
  title     = {On the naturalness of software},
  journal   = {Commun. {ACM}},
  volume    = {59},
  number    = {5},
  pages     = {122--131},
  year      = {2016},
  doi       = {10.1145/2902362},
}

@article{complexity,
 author = {Benson, Theophilus and Akella, Aditya and Maltz, David},
 title = {Unraveling the Complexity of Network Management},
 booktitle = {Proceedings of the 6th USENIX Symposium on Networked Systems Design and Implementation},
 series = {NSDI'09},
 year = {2009},
 location = {Boston, Massachusetts},
 pages = {335--348},
 numpages = {14},
 url = {http://dl.acm.org/citation.cfm?id=1558977.1559000},
 acmid = {1559000},
 publisher = {USENIX Association},
 address = {Berkeley, CA, USA},
}

@article{errors,
 author = {Yin, Zuoning and Ma, Xiao and Zheng, Jing and Zhou, Yuanyuan and Bairavasundaram, Lakshmi N. and Pasupathy, Shankar},
 title = {An Empirical Study on Configuration Errors in Commercial and Open Source Systems},
 booktitle = {Proceedings of the Twenty-Third ACM Symposium on Operating Systems Principles},
 series = {SOSP '11},
 year = {2011},
 isbn = {978-1-4503-0977-6},
 location = {Cascais, Portugal},
 pages = {159--172},
 numpages = {14},
 url = {http://doi.acm.org/10.1145/2043556.2043572},
 doi = {10.1145/2043556.2043572},
 acmid = {2043572},
 publisher = {ACM},
 address = {New York, NY, USA},
 keywords = {characteristic study, misconfigurations},
} 

@misc{azure,
author = {Yevgeniy Sverdlik},
title = {Microsoft: misconfigured network device led to Azure outage},
howpublished = "\url{https://goo.gl/Y5sDov}"
}

@misc{googlebgp,
author = {Web},
title ={Google made a tiny error and it broke half the internet in Japan},
howpublished = "\url{https://thenextweb.com/google/2017/08/28/google-japan-internet-blackout/}",
url = {https://thenextweb.com/google/2017/08/28/google-japan-internet-blackout/}
}

@article{raychev,
 author = {Raychev, Veselin and Vechev, Martin and Yahav, Eran},
 title = {Code Completion with Statistical Language Models},
 journal = {SIGPLAN Not.},
 issue_date = {June 2014},
 volume = {49},
 number = {6},
 month = jun,
 year = {2014},
 issn = {0362-1340},
 pages = {419--428},
 numpages = {10},
 url = {http://doi.acm.org/10.1145/2666356.2594321},
 doi = {10.1145/2666356.2594321},
 acmid = {2594321},
 publisher = {ACM},
 address = {New York, NY, USA},
}

@inproceedings{robbes,
 author = {Robbes, R. and Lanza, M.},
 title = {How Program History Can Improve Code Completion},
 booktitle = {Proceedings of the 2008 23rd IEEE/ACM International Conference on Automated Software Engineering},
 series = {ASE '08},
 year = {2008},
 isbn = {978-1-4244-2187-9},
 pages = {317--326},
 numpages = {10},
 url = {http://dx.doi.org/10.1109/ASE.2008.42},
 doi = {10.1109/ASE.2008.42},
 acmid = {1642968},
 publisher = {IEEE Computer Society},
 address = {Washington, DC, USA},
 keywords = {pattern matching, code completion, productivity tool},
}

@inproceedings{kaiser,
 author = {Kaiser, G. E. and Feiler, P. H.},
 title = {An Architecture for Intelligent Assistance in Software Development},
 booktitle = {Proceedings of the 9th International Conference on Software Engineering},
 series = {ICSE '87},
 year = {1987},
 isbn = {0-89791-216-0},
 location = {Monterey, California, USA},
 pages = {180--188},
 numpages = {9},
 url = {http://dl.acm.org/citation.cfm?id=41765.41783},
 acmid = {41783},
 publisher = {IEEE Computer Society Press},
 address = {Los Alamitos, CA, USA},
}

@book{manning,
 author = {Manning, Christopher D. and Sch\"{u}tze, Hinrich},
 title = {Foundations of Statistical Natural Language Processing},
 year = {1999},
 isbn = {0-262-13360-1},
 publisher = {MIT Press},
 address = {Cambridge, MA, USA},
}
